@misc{dice:models:repo,
    Author = {{Unknown}},
    Title = {{DICE Models Repository}},
    note = {\textsc{url}: \url{https://github.com/dice-project/DICE-Models}},
    Year = {Dec., 2015},
}

@TechReport{REST,
  author = 	 {AsteraSoftware},
  title = 	 {REST API},
  note = {\textsc{url}: \url{https://www.astera.com/type/blog/rest-api-definition/}},
}
@TechReport{3Tier,
  author = 	 {AWS},
  title = 	 {3-Tier Architecture},
  note = {\textsc{url}: \url{https://docs.aws.amazon.com/whitepapers/latest/serverless-multi-tier-architectures-api-gateway-lambda/three-tier-architecture-overview.html}},
}

@misc{ISTQBStandard,
    Author = {{ISTQB}},
    Title = {{ISTQB Standard}},
    note = {\textsc{url}: \url{https://www.istqb.org}},
    Year = {Dec., 2024},
}

@TechReport{UML,
  author = 	 {The Object Management Group (OMG)},
  title = 	 {Unified Modelling Language: Infrastructure, 2011. Version 2.4.1. OMG document: formal/2011-08-05},
  institution =  {{}},
  year = 	 {2011},
  note = {\textsc{url}: \url{http://}},
}

@article{DAM,
	Author = {Bernardi, S. and Merseguer, J. and Petriu, D. C.},
	Journal = {Software and Systems Modeling},
	Number = {3},
	Pages = {313--336},
	Title = {A dependability profile within {MARTE}.},
	Volume = {10},
	Year = {2011}}
	
